<record><leader>00000cas a22000007a 4500</leader><controlfield tag="001">11265499</controlfield><controlfield tag="008">841015d18891897nduwr ne      0    0nor d</controlfield><datafield ind1=" " ind2=" " tag="010"><subfield code="a">sn 84024782 </subfield></datafield><datafield ind1=" " ind2=" " tag="040"><subfield code="a">NPV</subfield><subfield code="b">eng</subfield><subfield code="c">NPV</subfield><subfield code="d">DLC</subfield><subfield code="d">NOP</subfield><subfield code="d">OCLCQ</subfield><subfield code="d">IOH</subfield></datafield><datafield ind1=" " ind2=" " tag="042"><subfield code="a">msc</subfield></datafield><datafield ind1="0" ind2="0" tag="245"><subfield code="a">Dakota.</subfield></datafield><datafield ind1=" " ind2=" " tag="260"><subfield code="a">Fargo, N.D. :</subfield><subfield code="b">A.A. Trovaten</subfield></datafield><datafield ind1=" " ind2=" " tag="300"><subfield code="a">v. :</subfield><subfield code="b">ill. ;</subfield><subfield code="c">51-57 cm.</subfield></datafield><datafield ind1=" " ind2=" " tag="310"><subfield code="a">Weekly</subfield></datafield><datafield ind1="1" ind2=" " tag="362"><subfield code="a">Began in May 1889? Ceased in May 1897.</subfield></datafield><datafield ind1=" " ind2=" " tag="500"><subfield code="a">On masthead: Grand Forks og Fargo, N.D.; Moorhead, Minn.</subfield></datafield><datafield ind1=" " ind2=" " tag="530"><subfield code="a">Available on microfilm from the State Historical Society of North Dakota.</subfield></datafield><datafield ind1=" " ind2=" " tag="588"><subfield code="a">Description based on: Nr. 25, 12te aarg. (25de juni 1890).</subfield></datafield><datafield ind1=" " ind2=" " tag="752"><subfield code="a">United States</subfield><subfield code="b">North Dakota</subfield><subfield code="c">Grand Forks</subfield><subfield code="d">Grand Forks.</subfield></datafield><datafield ind1=" " ind2=" " tag="752"><subfield code="a">United States</subfield><subfield code="b">North Dakota</subfield><subfield code="c">Cass</subfield><subfield code="d">Fargo.</subfield></datafield><datafield ind1=" " ind2=" " tag="752"><subfield code="a">United States</subfield><subfield code="b">Minnesota</subfield><subfield code="c">Clay</subfield><subfield code="d">Moorhead.</subfield></datafield><datafield ind1="0" ind2="0" tag="780"><subfield code="t">Fargo Posten og Vesten</subfield><subfield code="w">(DLC)sn 89074226</subfield></datafield><datafield ind1="0" ind2="7" tag="785"><subfield code="t">Fjerde juli</subfield><subfield code="w">(DLC)sn 84024783</subfield></datafield><datafield ind1="0" ind2="7" tag="785"><subfield code="t">Fjerde juli og Dakota</subfield><subfield code="w">(DLC)sn 84024784</subfield></datafield></record>